%YAML 1.1
%TAG !u! tag:unity3d.com,2011:
--- !u!1 &8969515454332362626
GameObject:
  m_ObjectHideFlags: 0
  m_CorrespondingSourceObject: {fileID: 0}
  m_PrefabInstance: {fileID: 0}
  m_PrefabAsset: {fileID: 0}
  serializedVersion: 6
  m_Component:
  - component: {fileID: 8969515454332362685}
  m_Layer: 0
  m_Name: Terrain Obstacles 2
  m_TagString: Untagged
  m_Icon: {fileID: 0}
  m_NavMeshLayer: 0
  m_StaticEditorFlags: 0
  m_IsActive: 1
--- !u!4 &8969515454332362685
Transform:
  m_ObjectHideFlags: 0
  m_CorrespondingSourceObject: {fileID: 0}
  m_PrefabInstance: {fileID: 0}
  m_PrefabAsset: {fileID: 0}
  m_GameObject: {fileID: 8969515454332362626}
  m_LocalRotation: {x: 0, y: 0, z: 0, w: 1}
  m_LocalPosition: {x: -2.1667833, y: 16.958038, z: -0.91275597}
  m_LocalScale: {x: 1, y: 1, z: 1}
  m_Children:
  - {fileID: 1064829670701853609}
  - {fileID: 1064829670505269480}
  - {fileID: 1064829671326133202}
  - {fileID: 1064829671015834771}
  - {fileID: 1064829670447570644}
  - {fileID: 1064829671926343322}
  - {fileID: 1064829670916034896}
  - {fileID: 1064829671995306538}
  - {fileID: 1064829672279381931}
  - {fileID: 1064829671171618769}
  - {fileID: 1064829671927842602}
  - {fileID: 1064829671600358132}
  - {fileID: 1064829670552312137}
  - {fileID: 1064829671592255609}
  m_Father: {fileID: 0}
  m_RootOrder: 0
  m_LocalEulerAnglesHint: {x: 0, y: 0, z: 0}
--- !u!1001 &8969515452432045719
PrefabInstance:
  m_ObjectHideFlags: 0
  serializedVersion: 2
  m_Modification:
    m_TransformParent: {fileID: 8969515454332362685}
    m_Modifications:
    - target: {fileID: 1999568427073938817, guid: 09d3479e90961254495676315f46dd51,
        type: 3}
      propertyPath: m_Name
      value: Obstacle (16)
      objectReference: {fileID: 0}
    - target: {fileID: 1999568427073938817, guid: 09d3479e90961254495676315f46dd51,
        type: 3}
      propertyPath: m_TagString
      value: Terrain
      objectReference: {fileID: 0}
    - target: {fileID: 7228214656314290255, guid: 09d3479e90961254495676315f46dd51,
        type: 3}
      propertyPath: m_Materials.Array.data[0]
      value: 
      objectReference: {fileID: 2100000, guid: 4ba2fb13b301f2c4bb4cbaae076e478d, type: 2}
    - target: {fileID: 8267788928683849454, guid: 09d3479e90961254495676315f46dd51,
        type: 3}
      propertyPath: m_LocalPosition.x
      value: 19.786785
      objectReference: {fileID: 0}
    - target: {fileID: 8267788928683849454, guid: 09d3479e90961254495676315f46dd51,
        type: 3}
      propertyPath: m_LocalPosition.y
      value: -5.3380384
      objectReference: {fileID: 0}
    - target: {fileID: 8267788928683849454, guid: 09d3479e90961254495676315f46dd51,
        type: 3}
      propertyPath: m_LocalPosition.z
      value: -2.8309875
      objectReference: {fileID: 0}
    - target: {fileID: 8267788928683849454, guid: 09d3479e90961254495676315f46dd51,
        type: 3}
      propertyPath: m_LocalRotation.x
      value: -0.055318717
      objectReference: {fileID: 0}
    - target: {fileID: 8267788928683849454, guid: 09d3479e90961254495676315f46dd51,
        type: 3}
      propertyPath: m_LocalRotation.y
      value: 0.054058354
      objectReference: {fileID: 0}
    - target: {fileID: 8267788928683849454, guid: 09d3479e90961254495676315f46dd51,
        type: 3}
      propertyPath: m_LocalRotation.z
      value: 0.6065778
      objectReference: {fileID: 0}
    - target: {fileID: 8267788928683849454, guid: 09d3479e90961254495676315f46dd51,
        type: 3}
      propertyPath: m_LocalRotation.w
      value: 0.7912528
      objectReference: {fileID: 0}
    - target: {fileID: 8267788928683849454, guid: 09d3479e90961254495676315f46dd51,
        type: 3}
      propertyPath: m_RootOrder
      value: 13
      objectReference: {fileID: 0}
    - target: {fileID: 8267788928683849454, guid: 09d3479e90961254495676315f46dd51,
        type: 3}
      propertyPath: m_LocalEulerAnglesHint.x
      value: -8.808001
      objectReference: {fileID: 0}
    - target: {fileID: 8267788928683849454, guid: 09d3479e90961254495676315f46dd51,
        type: 3}
      propertyPath: m_LocalEulerAnglesHint.y
      value: 1.069
      objectReference: {fileID: 0}
    - target: {fileID: 8267788928683849454, guid: 09d3479e90961254495676315f46dd51,
        type: 3}
      propertyPath: m_LocalEulerAnglesHint.z
      value: 74.866005
      objectReference: {fileID: 0}
    - target: {fileID: 8267788928683849454, guid: 09d3479e90961254495676315f46dd51,
        type: 3}
      propertyPath: m_LocalScale.x
      value: 0.7713645
      objectReference: {fileID: 0}
    - target: {fileID: 8267788928683849454, guid: 09d3479e90961254495676315f46dd51,
        type: 3}
      propertyPath: m_LocalScale.y
      value: 4.1160183
      objectReference: {fileID: 0}
    - target: {fileID: 8267788928683849454, guid: 09d3479e90961254495676315f46dd51,
        type: 3}
      propertyPath: m_LocalScale.z
      value: 3.8745158
      objectReference: {fileID: 0}
    m_RemovedComponents: []
  m_SourcePrefab: {fileID: 100100000, guid: 09d3479e90961254495676315f46dd51, type: 3}
--- !u!4 &1064829671592255609 stripped
Transform:
  m_CorrespondingSourceObject: {fileID: 8267788928683849454, guid: 09d3479e90961254495676315f46dd51,
    type: 3}
  m_PrefabInstance: {fileID: 8969515452432045719}
  m_PrefabAsset: {fileID: 0}
--- !u!1001 &8969515452440163354
PrefabInstance:
  m_ObjectHideFlags: 0
  serializedVersion: 2
  m_Modification:
    m_TransformParent: {fileID: 8969515454332362685}
    m_Modifications:
    - target: {fileID: 1999568427073938817, guid: 09d3479e90961254495676315f46dd51,
        type: 3}
      propertyPath: m_Name
      value: Obstacle (14)
      objectReference: {fileID: 0}
    - target: {fileID: 1999568427073938817, guid: 09d3479e90961254495676315f46dd51,
        type: 3}
      propertyPath: m_TagString
      value: Terrain
      objectReference: {fileID: 0}
    - target: {fileID: 7228214656314290255, guid: 09d3479e90961254495676315f46dd51,
        type: 3}
      propertyPath: m_Materials.Array.data[0]
      value: 
      objectReference: {fileID: 2100000, guid: 4ba2fb13b301f2c4bb4cbaae076e478d, type: 2}
    - target: {fileID: 8267788928683849454, guid: 09d3479e90961254495676315f46dd51,
        type: 3}
      propertyPath: m_LocalPosition.x
      value: 27.536785
      objectReference: {fileID: 0}
    - target: {fileID: 8267788928683849454, guid: 09d3479e90961254495676315f46dd51,
        type: 3}
      propertyPath: m_LocalPosition.y
      value: 15.30196
      objectReference: {fileID: 0}
    - target: {fileID: 8267788928683849454, guid: 09d3479e90961254495676315f46dd51,
        type: 3}
      propertyPath: m_LocalPosition.z
      value: 0.91275597
      objectReference: {fileID: 0}
    - target: {fileID: 8267788928683849454, guid: 09d3479e90961254495676315f46dd51,
        type: 3}
      propertyPath: m_LocalRotation.x
      value: -0
      objectReference: {fileID: 0}
    - target: {fileID: 8267788928683849454, guid: 09d3479e90961254495676315f46dd51,
        type: 3}
      propertyPath: m_LocalRotation.y
      value: -0
      objectReference: {fileID: 0}
    - target: {fileID: 8267788928683849454, guid: 09d3479e90961254495676315f46dd51,
        type: 3}
      propertyPath: m_LocalRotation.z
      value: -0.9281758
      objectReference: {fileID: 0}
    - target: {fileID: 8267788928683849454, guid: 09d3479e90961254495676315f46dd51,
        type: 3}
      propertyPath: m_LocalRotation.w
      value: 0.37214205
      objectReference: {fileID: 0}
    - target: {fileID: 8267788928683849454, guid: 09d3479e90961254495676315f46dd51,
        type: 3}
      propertyPath: m_RootOrder
      value: 11
      objectReference: {fileID: 0}
    - target: {fileID: 8267788928683849454, guid: 09d3479e90961254495676315f46dd51,
        type: 3}
      propertyPath: m_LocalEulerAnglesHint.x
      value: 0
      objectReference: {fileID: 0}
    - target: {fileID: 8267788928683849454, guid: 09d3479e90961254495676315f46dd51,
        type: 3}
      propertyPath: m_LocalEulerAnglesHint.y
      value: 0
      objectReference: {fileID: 0}
    - target: {fileID: 8267788928683849454, guid: 09d3479e90961254495676315f46dd51,
        type: 3}
      propertyPath: m_LocalEulerAnglesHint.z
      value: -136.304
      objectReference: {fileID: 0}
    - target: {fileID: 8267788928683849454, guid: 09d3479e90961254495676315f46dd51,
        type: 3}
      propertyPath: m_LocalScale.x
      value: 1.8644602
      objectReference: {fileID: 0}
    - target: {fileID: 8267788928683849454, guid: 09d3479e90961254495676315f46dd51,
        type: 3}
      propertyPath: m_LocalScale.y
      value: 9.948804
      objectReference: {fileID: 0}
    - target: {fileID: 8267788928683849454, guid: 09d3479e90961254495676315f46dd51,
        type: 3}
      propertyPath: m_LocalScale.z
      value: 9.365068
      objectReference: {fileID: 0}
    m_RemovedComponents: []
  m_SourcePrefab: {fileID: 100100000, guid: 09d3479e90961254495676315f46dd51, type: 3}
--- !u!4 &1064829671600358132 stripped
Transform:
  m_CorrespondingSourceObject: {fileID: 8267788928683849454, guid: 09d3479e90961254495676315f46dd51,
    type: 3}
  m_PrefabInstance: {fileID: 8969515452440163354}
  m_PrefabAsset: {fileID: 0}
--- !u!1001 &8969515452701809980
PrefabInstance:
  m_ObjectHideFlags: 0
  serializedVersion: 2
  m_Modification:
    m_TransformParent: {fileID: 8969515454332362685}
    m_Modifications:
    - target: {fileID: 1999568427073938817, guid: 09d3479e90961254495676315f46dd51,
        type: 3}
      propertyPath: m_Name
      value: Obstacle (5)
      objectReference: {fileID: 0}
    - target: {fileID: 1999568427073938817, guid: 09d3479e90961254495676315f46dd51,
        type: 3}
      propertyPath: m_TagString
      value: Terrain
      objectReference: {fileID: 0}
    - target: {fileID: 7228214656314290255, guid: 09d3479e90961254495676315f46dd51,
        type: 3}
      propertyPath: m_Materials.Array.data[0]
      value: 
      objectReference: {fileID: 2100000, guid: 4ba2fb13b301f2c4bb4cbaae076e478d, type: 2}
    - target: {fileID: 8267788928683849454, guid: 09d3479e90961254495676315f46dd51,
        type: 3}
      propertyPath: m_LocalPosition.x
      value: 3.6167834
      objectReference: {fileID: 0}
    - target: {fileID: 8267788928683849454, guid: 09d3479e90961254495676315f46dd51,
        type: 3}
      propertyPath: m_LocalPosition.y
      value: -18.338037
      objectReference: {fileID: 0}
    - target: {fileID: 8267788928683849454, guid: 09d3479e90961254495676315f46dd51,
        type: 3}
      propertyPath: m_LocalPosition.z
      value: 0.91275585
      objectReference: {fileID: 0}
    - target: {fileID: 8267788928683849454, guid: 09d3479e90961254495676315f46dd51,
        type: 3}
      propertyPath: m_LocalRotation.x
      value: 0.00031637572
      objectReference: {fileID: 0}
    - target: {fileID: 8267788928683849454, guid: 09d3479e90961254495676315f46dd51,
        type: 3}
      propertyPath: m_LocalRotation.y
      value: -0.000037741418
      objectReference: {fileID: 0}
    - target: {fileID: 8267788928683849454, guid: 09d3479e90961254495676315f46dd51,
        type: 3}
      propertyPath: m_LocalRotation.z
      value: -0.70710564
      objectReference: {fileID: 0}
    - target: {fileID: 8267788928683849454, guid: 09d3479e90961254495676315f46dd51,
        type: 3}
      propertyPath: m_LocalRotation.w
      value: -0.7071079
      objectReference: {fileID: 0}
    - target: {fileID: 8267788928683849454, guid: 09d3479e90961254495676315f46dd51,
        type: 3}
      propertyPath: m_RootOrder
      value: 2
      objectReference: {fileID: 0}
    - target: {fileID: 8267788928683849454, guid: 09d3479e90961254495676315f46dd51,
        type: 3}
      propertyPath: m_LocalEulerAnglesHint.x
      value: -0.029000001
      objectReference: {fileID: 0}
    - target: {fileID: 8267788928683849454, guid: 09d3479e90961254495676315f46dd51,
        type: 3}
      propertyPath: m_LocalEulerAnglesHint.y
      value: -0.023000002
      objectReference: {fileID: 0}
    - target: {fileID: 8267788928683849454, guid: 09d3479e90961254495676315f46dd51,
        type: 3}
      propertyPath: m_LocalEulerAnglesHint.z
      value: -270
      objectReference: {fileID: 0}
    - target: {fileID: 8267788928683849454, guid: 09d3479e90961254495676315f46dd51,
        type: 3}
      propertyPath: m_LocalScale.x
      value: 2.787871
      objectReference: {fileID: 0}
    - target: {fileID: 8267788928683849454, guid: 09d3479e90961254495676315f46dd51,
        type: 3}
      propertyPath: m_LocalScale.y
      value: 80.31672
      objectReference: {fileID: 0}
    - target: {fileID: 8267788928683849454, guid: 09d3479e90961254495676315f46dd51,
        type: 3}
      propertyPath: m_LocalScale.z
      value: 7.0848613
      objectReference: {fileID: 0}
    m_RemovedComponents: []
  m_SourcePrefab: {fileID: 100100000, guid: 09d3479e90961254495676315f46dd51, type: 3}
--- !u!4 &1064829671326133202 stripped
Transform:
  m_CorrespondingSourceObject: {fileID: 8267788928683849454, guid: 09d3479e90961254495676315f46dd51,
    type: 3}
  m_PrefabInstance: {fileID: 8969515452701809980}
  m_PrefabAsset: {fileID: 0}
--- !u!1001 &8969515452851659077
PrefabInstance:
  m_ObjectHideFlags: 0
  serializedVersion: 2
  m_Modification:
    m_TransformParent: {fileID: 8969515454332362685}
    m_Modifications:
    - target: {fileID: 1999568427073938817, guid: 09d3479e90961254495676315f46dd51,
        type: 3}
      propertyPath: m_Name
      value: Obstacle (11)
      objectReference: {fileID: 0}
    - target: {fileID: 1999568427073938817, guid: 09d3479e90961254495676315f46dd51,
        type: 3}
      propertyPath: m_TagString
      value: Terrain
      objectReference: {fileID: 0}
    - target: {fileID: 7228214656314290255, guid: 09d3479e90961254495676315f46dd51,
        type: 3}
      propertyPath: m_Materials.Array.data[0]
      value: 
      objectReference: {fileID: 2100000, guid: 4ba2fb13b301f2c4bb4cbaae076e478d, type: 2}
    - target: {fileID: 8267788928683849454, guid: 09d3479e90961254495676315f46dd51,
        type: 3}
      propertyPath: m_LocalPosition.x
      value: -16.093216
      objectReference: {fileID: 0}
    - target: {fileID: 8267788928683849454, guid: 09d3479e90961254495676315f46dd51,
        type: 3}
      propertyPath: m_LocalPosition.y
      value: -10.748038
      objectReference: {fileID: 0}
    - target: {fileID: 8267788928683849454, guid: 09d3479e90961254495676315f46dd51,
        type: 3}
      propertyPath: m_LocalPosition.z
      value: 0.91275597
      objectReference: {fileID: 0}
    - target: {fileID: 8267788928683849454, guid: 09d3479e90961254495676315f46dd51,
        type: 3}
      propertyPath: m_LocalRotation.x
      value: -0
      objectReference: {fileID: 0}
    - target: {fileID: 8267788928683849454, guid: 09d3479e90961254495676315f46dd51,
        type: 3}
      propertyPath: m_LocalRotation.y
      value: -0
      objectReference: {fileID: 0}
    - target: {fileID: 8267788928683849454, guid: 09d3479e90961254495676315f46dd51,
        type: 3}
      propertyPath: m_LocalRotation.z
      value: -0
      objectReference: {fileID: 0}
    - target: {fileID: 8267788928683849454, guid: 09d3479e90961254495676315f46dd51,
        type: 3}
      propertyPath: m_LocalRotation.w
      value: 1
      objectReference: {fileID: 0}
    - target: {fileID: 8267788928683849454, guid: 09d3479e90961254495676315f46dd51,
        type: 3}
      propertyPath: m_RootOrder
      value: 8
      objectReference: {fileID: 0}
    - target: {fileID: 8267788928683849454, guid: 09d3479e90961254495676315f46dd51,
        type: 3}
      propertyPath: m_LocalEulerAnglesHint.x
      value: 0
      objectReference: {fileID: 0}
    - target: {fileID: 8267788928683849454, guid: 09d3479e90961254495676315f46dd51,
        type: 3}
      propertyPath: m_LocalEulerAnglesHint.y
      value: 0
      objectReference: {fileID: 0}
    - target: {fileID: 8267788928683849454, guid: 09d3479e90961254495676315f46dd51,
        type: 3}
      propertyPath: m_LocalEulerAnglesHint.z
      value: 0
      objectReference: {fileID: 0}
    - target: {fileID: 8267788928683849454, guid: 09d3479e90961254495676315f46dd51,
        type: 3}
      propertyPath: m_LocalScale.x
      value: 2.787871
      objectReference: {fileID: 0}
    - target: {fileID: 8267788928683849454, guid: 09d3479e90961254495676315f46dd51,
        type: 3}
      propertyPath: m_LocalScale.y
      value: 12.298114
      objectReference: {fileID: 0}
    - target: {fileID: 8267788928683849454, guid: 09d3479e90961254495676315f46dd51,
        type: 3}
      propertyPath: m_LocalScale.z
      value: 7.0848613
      objectReference: {fileID: 0}
    m_RemovedComponents: []
  m_SourcePrefab: {fileID: 100100000, guid: 09d3479e90961254495676315f46dd51, type: 3}
--- !u!4 &1064829672279381931 stripped
Transform:
  m_CorrespondingSourceObject: {fileID: 8267788928683849454, guid: 09d3479e90961254495676315f46dd51,
    type: 3}
  m_PrefabInstance: {fileID: 8969515452851659077}
  m_PrefabAsset: {fileID: 0}
--- !u!1001 &8969515453102212292
PrefabInstance:
  m_ObjectHideFlags: 0
  serializedVersion: 2
  m_Modification:
    m_TransformParent: {fileID: 8969515454332362685}
    m_Modifications:
    - target: {fileID: 1999568427073938817, guid: 09d3479e90961254495676315f46dd51,
        type: 3}
      propertyPath: m_Name
      value: Obstacle (10)
      objectReference: {fileID: 0}
    - target: {fileID: 1999568427073938817, guid: 09d3479e90961254495676315f46dd51,
        type: 3}
      propertyPath: m_TagString
      value: Terrain
      objectReference: {fileID: 0}
    - target: {fileID: 7228214656314290255, guid: 09d3479e90961254495676315f46dd51,
        type: 3}
      propertyPath: m_Materials.Array.data[0]
      value: 
      objectReference: {fileID: 2100000, guid: 4ba2fb13b301f2c4bb4cbaae076e478d, type: 2}
    - target: {fileID: 8267788928683849454, guid: 09d3479e90961254495676315f46dd51,
        type: 3}
      propertyPath: m_LocalPosition.x
      value: 8.966784
      objectReference: {fileID: 0}
    - target: {fileID: 8267788928683849454, guid: 09d3479e90961254495676315f46dd51,
        type: 3}
      propertyPath: m_LocalPosition.y
      value: -12.288038
      objectReference: {fileID: 0}
    - target: {fileID: 8267788928683849454, guid: 09d3479e90961254495676315f46dd51,
        type: 3}
      propertyPath: m_LocalPosition.z
      value: 0.91275597
      objectReference: {fileID: 0}
    - target: {fileID: 8267788928683849454, guid: 09d3479e90961254495676315f46dd51,
        type: 3}
      propertyPath: m_LocalRotation.x
      value: -0
      objectReference: {fileID: 0}
    - target: {fileID: 8267788928683849454, guid: 09d3479e90961254495676315f46dd51,
        type: 3}
      propertyPath: m_LocalRotation.y
      value: -0
      objectReference: {fileID: 0}
    - target: {fileID: 8267788928683849454, guid: 09d3479e90961254495676315f46dd51,
        type: 3}
      propertyPath: m_LocalRotation.z
      value: -0
      objectReference: {fileID: 0}
    - target: {fileID: 8267788928683849454, guid: 09d3479e90961254495676315f46dd51,
        type: 3}
      propertyPath: m_LocalRotation.w
      value: 1
      objectReference: {fileID: 0}
    - target: {fileID: 8267788928683849454, guid: 09d3479e90961254495676315f46dd51,
        type: 3}
      propertyPath: m_RootOrder
      value: 7
      objectReference: {fileID: 0}
    - target: {fileID: 8267788928683849454, guid: 09d3479e90961254495676315f46dd51,
        type: 3}
      propertyPath: m_LocalEulerAnglesHint.x
      value: 0
      objectReference: {fileID: 0}
    - target: {fileID: 8267788928683849454, guid: 09d3479e90961254495676315f46dd51,
        type: 3}
      propertyPath: m_LocalEulerAnglesHint.y
      value: 0
      objectReference: {fileID: 0}
    - target: {fileID: 8267788928683849454, guid: 09d3479e90961254495676315f46dd51,
        type: 3}
      propertyPath: m_LocalEulerAnglesHint.z
      value: 0
      objectReference: {fileID: 0}
    - target: {fileID: 8267788928683849454, guid: 09d3479e90961254495676315f46dd51,
        type: 3}
      propertyPath: m_LocalScale.x
      value: 1.5312355
      objectReference: {fileID: 0}
    - target: {fileID: 8267788928683849454, guid: 09d3479e90961254495676315f46dd51,
        type: 3}
      propertyPath: m_LocalScale.y
      value: 7.6919303
      objectReference: {fileID: 0}
    - target: {fileID: 8267788928683849454, guid: 09d3479e90961254495676315f46dd51,
        type: 3}
      propertyPath: m_LocalScale.z
      value: 9.365068
      objectReference: {fileID: 0}
    m_RemovedComponents: []
  m_SourcePrefab: {fileID: 100100000, guid: 09d3479e90961254495676315f46dd51, type: 3}
--- !u!4 &1064829671995306538 stripped
Transform:
  m_CorrespondingSourceObject: {fileID: 8267788928683849454, guid: 09d3479e90961254495676315f46dd51,
    type: 3}
  m_PrefabInstance: {fileID: 8969515453102212292}
  m_PrefabAsset: {fileID: 0}
--- !u!1001 &8969515453167472756
PrefabInstance:
  m_ObjectHideFlags: 0
  serializedVersion: 2
  m_Modification:
    m_TransformParent: {fileID: 8969515454332362685}
    m_Modifications:
    - target: {fileID: 1999568427073938817, guid: 09d3479e90961254495676315f46dd51,
        type: 3}
      propertyPath: m_Name
      value: Obstacle (8)
      objectReference: {fileID: 0}
    - target: {fileID: 1999568427073938817, guid: 09d3479e90961254495676315f46dd51,
        type: 3}
      propertyPath: m_TagString
      value: Terrain
      objectReference: {fileID: 0}
    - target: {fileID: 7228214656314290255, guid: 09d3479e90961254495676315f46dd51,
        type: 3}
      propertyPath: m_Materials.Array.data[0]
      value: 
      objectReference: {fileID: 2100000, guid: 4ba2fb13b301f2c4bb4cbaae076e478d, type: 2}
    - target: {fileID: 8267788928683849454, guid: 09d3479e90961254495676315f46dd51,
        type: 3}
      propertyPath: m_LocalPosition.x
      value: 9.876783
      objectReference: {fileID: 0}
    - target: {fileID: 8267788928683849454, guid: 09d3479e90961254495676315f46dd51,
        type: 3}
      propertyPath: m_LocalPosition.y
      value: 0.9419613
      objectReference: {fileID: 0}
    - target: {fileID: 8267788928683849454, guid: 09d3479e90961254495676315f46dd51,
        type: 3}
      propertyPath: m_LocalPosition.z
      value: 0.91275597
      objectReference: {fileID: 0}
    - target: {fileID: 8267788928683849454, guid: 09d3479e90961254495676315f46dd51,
        type: 3}
      propertyPath: m_LocalRotation.x
      value: -0
      objectReference: {fileID: 0}
    - target: {fileID: 8267788928683849454, guid: 09d3479e90961254495676315f46dd51,
        type: 3}
      propertyPath: m_LocalRotation.y
      value: -0
      objectReference: {fileID: 0}
    - target: {fileID: 8267788928683849454, guid: 09d3479e90961254495676315f46dd51,
        type: 3}
      propertyPath: m_LocalRotation.z
      value: -0.99991214
      objectReference: {fileID: 0}
    - target: {fileID: 8267788928683849454, guid: 09d3479e90961254495676315f46dd51,
        type: 3}
      propertyPath: m_LocalRotation.w
      value: 0.013255362
      objectReference: {fileID: 0}
    - target: {fileID: 8267788928683849454, guid: 09d3479e90961254495676315f46dd51,
        type: 3}
      propertyPath: m_RootOrder
      value: 5
      objectReference: {fileID: 0}
    - target: {fileID: 8267788928683849454, guid: 09d3479e90961254495676315f46dd51,
        type: 3}
      propertyPath: m_LocalEulerAnglesHint.x
      value: 0
      objectReference: {fileID: 0}
    - target: {fileID: 8267788928683849454, guid: 09d3479e90961254495676315f46dd51,
        type: 3}
      propertyPath: m_LocalEulerAnglesHint.y
      value: 0
      objectReference: {fileID: 0}
    - target: {fileID: 8267788928683849454, guid: 09d3479e90961254495676315f46dd51,
        type: 3}
      propertyPath: m_LocalEulerAnglesHint.z
      value: -178.481
      objectReference: {fileID: 0}
    - target: {fileID: 8267788928683849454, guid: 09d3479e90961254495676315f46dd51,
        type: 3}
      propertyPath: m_LocalScale.x
      value: 1.8644605
      objectReference: {fileID: 0}
    - target: {fileID: 8267788928683849454, guid: 09d3479e90961254495676315f46dd51,
        type: 3}
      propertyPath: m_LocalScale.y
      value: 11.350591
      objectReference: {fileID: 0}
    - target: {fileID: 8267788928683849454, guid: 09d3479e90961254495676315f46dd51,
        type: 3}
      propertyPath: m_LocalScale.z
      value: 9.365068
      objectReference: {fileID: 0}
    m_RemovedComponents: []
  m_SourcePrefab: {fileID: 100100000, guid: 09d3479e90961254495676315f46dd51, type: 3}
--- !u!4 &1064829671926343322 stripped
Transform:
  m_CorrespondingSourceObject: {fileID: 8267788928683849454, guid: 09d3479e90961254495676315f46dd51,
    type: 3}
  m_PrefabInstance: {fileID: 8969515453167472756}
  m_PrefabAsset: {fileID: 0}
--- !u!1001 &8969515453170168260
PrefabInstance:
  m_ObjectHideFlags: 0
  serializedVersion: 2
  m_Modification:
    m_TransformParent: {fileID: 8969515454332362685}
    m_Modifications:
    - target: {fileID: 1999568427073938817, guid: 09d3479e90961254495676315f46dd51,
        type: 3}
      propertyPath: m_Name
      value: Obstacle (13)
      objectReference: {fileID: 0}
    - target: {fileID: 1999568427073938817, guid: 09d3479e90961254495676315f46dd51,
        type: 3}
      propertyPath: m_TagString
      value: Terrain
      objectReference: {fileID: 0}
    - target: {fileID: 7228214656314290255, guid: 09d3479e90961254495676315f46dd51,
        type: 3}
      propertyPath: m_Materials.Array.data[0]
      value: 
      objectReference: {fileID: 2100000, guid: 4ba2fb13b301f2c4bb4cbaae076e478d, type: 2}
    - target: {fileID: 8267788928683849454, guid: 09d3479e90961254495676315f46dd51,
        type: 3}
      propertyPath: m_LocalPosition.x
      value: -24.373219
      objectReference: {fileID: 0}
    - target: {fileID: 8267788928683849454, guid: 09d3479e90961254495676315f46dd51,
        type: 3}
      propertyPath: m_LocalPosition.y
      value: 8.821962
      objectReference: {fileID: 0}
    - target: {fileID: 8267788928683849454, guid: 09d3479e90961254495676315f46dd51,
        type: 3}
      propertyPath: m_LocalPosition.z
      value: -2.8309875
      objectReference: {fileID: 0}
    - target: {fileID: 8267788928683849454, guid: 09d3479e90961254495676315f46dd51,
        type: 3}
      propertyPath: m_LocalRotation.x
      value: 0.06154358
      objectReference: {fileID: 0}
    - target: {fileID: 8267788928683849454, guid: 09d3479e90961254495676315f46dd51,
        type: 3}
      propertyPath: m_LocalRotation.y
      value: 0.046849784
      objectReference: {fileID: 0}
    - target: {fileID: 8267788928683849454, guid: 09d3479e90961254495676315f46dd51,
        type: 3}
      propertyPath: m_LocalRotation.z
      value: -0.87120676
      objectReference: {fileID: 0}
    - target: {fileID: 8267788928683849454, guid: 09d3479e90961254495676315f46dd51,
        type: 3}
      propertyPath: m_LocalRotation.w
      value: 0.48478478
      objectReference: {fileID: 0}
    - target: {fileID: 8267788928683849454, guid: 09d3479e90961254495676315f46dd51,
        type: 3}
      propertyPath: m_RootOrder
      value: 10
      objectReference: {fileID: 0}
    - target: {fileID: 8267788928683849454, guid: 09d3479e90961254495676315f46dd51,
        type: 3}
      propertyPath: m_LocalEulerAnglesHint.x
      value: 8.123
      objectReference: {fileID: 0}
    - target: {fileID: 8267788928683849454, guid: 09d3479e90961254495676315f46dd51,
        type: 3}
      propertyPath: m_LocalEulerAnglesHint.y
      value: -3.5800002
      objectReference: {fileID: 0}
    - target: {fileID: 8267788928683849454, guid: 09d3479e90961254495676315f46dd51,
        type: 3}
      propertyPath: m_LocalEulerAnglesHint.z
      value: -122.06701
      objectReference: {fileID: 0}
    - target: {fileID: 8267788928683849454, guid: 09d3479e90961254495676315f46dd51,
        type: 3}
      propertyPath: m_LocalScale.x
      value: 1.8644602
      objectReference: {fileID: 0}
    - target: {fileID: 8267788928683849454, guid: 09d3479e90961254495676315f46dd51,
        type: 3}
      propertyPath: m_LocalScale.y
      value: 9.948803
      objectReference: {fileID: 0}
    - target: {fileID: 8267788928683849454, guid: 09d3479e90961254495676315f46dd51,
        type: 3}
      propertyPath: m_LocalScale.z
      value: 9.365069
      objectReference: {fileID: 0}
    m_RemovedComponents: []
  m_SourcePrefab: {fileID: 100100000, guid: 09d3479e90961254495676315f46dd51, type: 3}
--- !u!4 &1064829671927842602 stripped
Transform:
  m_CorrespondingSourceObject: {fileID: 8267788928683849454, guid: 09d3479e90961254495676315f46dd51,
    type: 3}
  m_PrefabInstance: {fileID: 8969515453170168260}
  m_PrefabAsset: {fileID: 0}
--- !u!1001 &8969515453284179271
PrefabInstance:
  m_ObjectHideFlags: 0
  serializedVersion: 2
  m_Modification:
    m_TransformParent: {fileID: 8969515454332362685}
    m_Modifications:
    - target: {fileID: 1999568427073938817, guid: 09d3479e90961254495676315f46dd51,
        type: 3}
      propertyPath: m_Name
      value: Obstacle (1)
      objectReference: {fileID: 0}
    - target: {fileID: 1999568427073938817, guid: 09d3479e90961254495676315f46dd51,
        type: 3}
      propertyPath: m_TagString
      value: Terrain
      objectReference: {fileID: 0}
    - target: {fileID: 7228214656314290255, guid: 09d3479e90961254495676315f46dd51,
        type: 3}
      propertyPath: m_Materials.Array.data[0]
      value: 
      objectReference: {fileID: 2100000, guid: 4ba2fb13b301f2c4bb4cbaae076e478d, type: 2}
    - target: {fileID: 8267788928683849454, guid: 09d3479e90961254495676315f46dd51,
        type: 3}
      propertyPath: m_LocalPosition.x
      value: -31.383217
      objectReference: {fileID: 0}
    - target: {fileID: 8267788928683849454, guid: 09d3479e90961254495676315f46dd51,
        type: 3}
      propertyPath: m_LocalPosition.y
      value: -10.748038
      objectReference: {fileID: 0}
    - target: {fileID: 8267788928683849454, guid: 09d3479e90961254495676315f46dd51,
        type: 3}
      propertyPath: m_LocalPosition.z
      value: 0.91275597
      objectReference: {fileID: 0}
    - target: {fileID: 8267788928683849454, guid: 09d3479e90961254495676315f46dd51,
        type: 3}
      propertyPath: m_LocalRotation.x
      value: -0
      objectReference: {fileID: 0}
    - target: {fileID: 8267788928683849454, guid: 09d3479e90961254495676315f46dd51,
        type: 3}
      propertyPath: m_LocalRotation.y
      value: -0
      objectReference: {fileID: 0}
    - target: {fileID: 8267788928683849454, guid: 09d3479e90961254495676315f46dd51,
        type: 3}
      propertyPath: m_LocalRotation.z
      value: -0.07636733
      objectReference: {fileID: 0}
    - target: {fileID: 8267788928683849454, guid: 09d3479e90961254495676315f46dd51,
        type: 3}
      propertyPath: m_LocalRotation.w
      value: 0.9970798
      objectReference: {fileID: 0}
    - target: {fileID: 8267788928683849454, guid: 09d3479e90961254495676315f46dd51,
        type: 3}
      propertyPath: m_RootOrder
      value: 0
      objectReference: {fileID: 0}
    - target: {fileID: 8267788928683849454, guid: 09d3479e90961254495676315f46dd51,
        type: 3}
      propertyPath: m_LocalEulerAnglesHint.x
      value: 0
      objectReference: {fileID: 0}
    - target: {fileID: 8267788928683849454, guid: 09d3479e90961254495676315f46dd51,
        type: 3}
      propertyPath: m_LocalEulerAnglesHint.y
      value: 0
      objectReference: {fileID: 0}
    - target: {fileID: 8267788928683849454, guid: 09d3479e90961254495676315f46dd51,
        type: 3}
      propertyPath: m_LocalEulerAnglesHint.z
      value: -8.76
      objectReference: {fileID: 0}
    - target: {fileID: 8267788928683849454, guid: 09d3479e90961254495676315f46dd51,
        type: 3}
      propertyPath: m_LocalScale.x
      value: 2.7878711
      objectReference: {fileID: 0}
    - target: {fileID: 8267788928683849454, guid: 09d3479e90961254495676315f46dd51,
        type: 3}
      propertyPath: m_LocalScale.y
      value: 12.298114
      objectReference: {fileID: 0}
    - target: {fileID: 8267788928683849454, guid: 09d3479e90961254495676315f46dd51,
        type: 3}
      propertyPath: m_LocalScale.z
      value: 7.0848613
      objectReference: {fileID: 0}
    m_RemovedComponents: []
  m_SourcePrefab: {fileID: 100100000, guid: 09d3479e90961254495676315f46dd51, type: 3}
--- !u!4 &1064829670701853609 stripped
Transform:
  m_CorrespondingSourceObject: {fileID: 8267788928683849454, guid: 09d3479e90961254495676315f46dd51,
    type: 3}
  m_PrefabInstance: {fileID: 8969515453284179271}
  m_PrefabAsset: {fileID: 0}
--- !u!1001 &8969515453493345798
PrefabInstance:
  m_ObjectHideFlags: 0
  serializedVersion: 2
  m_Modification:
    m_TransformParent: {fileID: 8969515454332362685}
    m_Modifications:
    - target: {fileID: 1999568427073938817, guid: 09d3479e90961254495676315f46dd51,
        type: 3}
      propertyPath: m_Name
      value: Obstacle (2)
      objectReference: {fileID: 0}
    - target: {fileID: 1999568427073938817, guid: 09d3479e90961254495676315f46dd51,
        type: 3}
      propertyPath: m_TagString
      value: Terrain
      objectReference: {fileID: 0}
    - target: {fileID: 7228214656314290255, guid: 09d3479e90961254495676315f46dd51,
        type: 3}
      propertyPath: m_Materials.Array.data[0]
      value: 
      objectReference: {fileID: 2100000, guid: 4ba2fb13b301f2c4bb4cbaae076e478d, type: 2}
    - target: {fileID: 8267788928683849454, guid: 09d3479e90961254495676315f46dd51,
        type: 3}
      propertyPath: m_LocalPosition.x
      value: -31.023216
      objectReference: {fileID: 0}
    - target: {fileID: 8267788928683849454, guid: 09d3479e90961254495676315f46dd51,
        type: 3}
      propertyPath: m_LocalPosition.y
      value: -15.138039
      objectReference: {fileID: 0}
    - target: {fileID: 8267788928683849454, guid: 09d3479e90961254495676315f46dd51,
        type: 3}
      propertyPath: m_LocalPosition.z
      value: 0.91275597
      objectReference: {fileID: 0}
    - target: {fileID: 8267788928683849454, guid: 09d3479e90961254495676315f46dd51,
        type: 3}
      propertyPath: m_LocalRotation.x
      value: -0
      objectReference: {fileID: 0}
    - target: {fileID: 8267788928683849454, guid: 09d3479e90961254495676315f46dd51,
        type: 3}
      propertyPath: m_LocalRotation.y
      value: -0
      objectReference: {fileID: 0}
    - target: {fileID: 8267788928683849454, guid: 09d3479e90961254495676315f46dd51,
        type: 3}
      propertyPath: m_LocalRotation.z
      value: 0.19049063
      objectReference: {fileID: 0}
    - target: {fileID: 8267788928683849454, guid: 09d3479e90961254495676315f46dd51,
        type: 3}
      propertyPath: m_LocalRotation.w
      value: 0.98168904
      objectReference: {fileID: 0}
    - target: {fileID: 8267788928683849454, guid: 09d3479e90961254495676315f46dd51,
        type: 3}
      propertyPath: m_RootOrder
      value: 1
      objectReference: {fileID: 0}
    - target: {fileID: 8267788928683849454, guid: 09d3479e90961254495676315f46dd51,
        type: 3}
      propertyPath: m_LocalEulerAnglesHint.x
      value: 0
      objectReference: {fileID: 0}
    - target: {fileID: 8267788928683849454, guid: 09d3479e90961254495676315f46dd51,
        type: 3}
      propertyPath: m_LocalEulerAnglesHint.y
      value: 0
      objectReference: {fileID: 0}
    - target: {fileID: 8267788928683849454, guid: 09d3479e90961254495676315f46dd51,
        type: 3}
      propertyPath: m_LocalEulerAnglesHint.z
      value: 21.963001
      objectReference: {fileID: 0}
    - target: {fileID: 8267788928683849454, guid: 09d3479e90961254495676315f46dd51,
        type: 3}
      propertyPath: m_LocalScale.x
      value: 1.4793838
      objectReference: {fileID: 0}
    - target: {fileID: 8267788928683849454, guid: 09d3479e90961254495676315f46dd51,
        type: 3}
      propertyPath: m_LocalScale.y
      value: 6.5259943
      objectReference: {fileID: 0}
    - target: {fileID: 8267788928683849454, guid: 09d3479e90961254495676315f46dd51,
        type: 3}
      propertyPath: m_LocalScale.z
      value: 3.7595818
      objectReference: {fileID: 0}
    m_RemovedComponents: []
  m_SourcePrefab: {fileID: 100100000, guid: 09d3479e90961254495676315f46dd51, type: 3}
--- !u!4 &1064829670505269480 stripped
Transform:
  m_CorrespondingSourceObject: {fileID: 8267788928683849454, guid: 09d3479e90961254495676315f46dd51,
    type: 3}
  m_PrefabInstance: {fileID: 8969515453493345798}
  m_PrefabAsset: {fileID: 0}
--- !u!1001 &8969515453538545575
PrefabInstance:
  m_ObjectHideFlags: 0
  serializedVersion: 2
  m_Modification:
    m_TransformParent: {fileID: 8969515454332362685}
    m_Modifications:
    - target: {fileID: 1999568427073938817, guid: 09d3479e90961254495676315f46dd51,
        type: 3}
      propertyPath: m_Name
      value: Obstacle (15)
      objectReference: {fileID: 0}
    - target: {fileID: 1999568427073938817, guid: 09d3479e90961254495676315f46dd51,
        type: 3}
      propertyPath: m_TagString
      value: Terrain
      objectReference: {fileID: 0}
    - target: {fileID: 7228214656314290255, guid: 09d3479e90961254495676315f46dd51,
        type: 3}
      propertyPath: m_Materials.Array.data[0]
      value: 
      objectReference: {fileID: 2100000, guid: 4ba2fb13b301f2c4bb4cbaae076e478d, type: 2}
    - target: {fileID: 8267788928683849454, guid: 09d3479e90961254495676315f46dd51,
        type: 3}
      propertyPath: m_LocalPosition.x
      value: 19.786785
      objectReference: {fileID: 0}
    - target: {fileID: 8267788928683849454, guid: 09d3479e90961254495676315f46dd51,
        type: 3}
      propertyPath: m_LocalPosition.y
      value: 7.021961
      objectReference: {fileID: 0}
    - target: {fileID: 8267788928683849454, guid: 09d3479e90961254495676315f46dd51,
        type: 3}
      propertyPath: m_LocalPosition.z
      value: -2.8309875
      objectReference: {fileID: 0}
    - target: {fileID: 8267788928683849454, guid: 09d3479e90961254495676315f46dd51,
        type: 3}
      propertyPath: m_LocalRotation.x
      value: -0.030663561
      objectReference: {fileID: 0}
    - target: {fileID: 8267788928683849454, guid: 09d3479e90961254495676315f46dd51,
        type: 3}
      propertyPath: m_LocalRotation.y
      value: 0.0710085
      objectReference: {fileID: 0}
    - target: {fileID: 8267788928683849454, guid: 09d3479e90961254495676315f46dd51,
        type: 3}
      propertyPath: m_LocalRotation.z
      value: 0.260897
      objectReference: {fileID: 0}
    - target: {fileID: 8267788928683849454, guid: 09d3479e90961254495676315f46dd51,
        type: 3}
      propertyPath: m_LocalRotation.w
      value: 0.9622631
      objectReference: {fileID: 0}
    - target: {fileID: 8267788928683849454, guid: 09d3479e90961254495676315f46dd51,
        type: 3}
      propertyPath: m_RootOrder
      value: 12
      objectReference: {fileID: 0}
    - target: {fileID: 8267788928683849454, guid: 09d3479e90961254495676315f46dd51,
        type: 3}
      propertyPath: m_LocalEulerAnglesHint.x
      value: -5.5130005
      objectReference: {fileID: 0}
    - target: {fileID: 8267788928683849454, guid: 09d3479e90961254495676315f46dd51,
        type: 3}
      propertyPath: m_LocalEulerAnglesHint.y
      value: 6.9620004
      objectReference: {fileID: 0}
    - target: {fileID: 8267788928683849454, guid: 09d3479e90961254495676315f46dd51,
        type: 3}
      propertyPath: m_LocalEulerAnglesHint.z
      value: 30.004002
      objectReference: {fileID: 0}
    - target: {fileID: 8267788928683849454, guid: 09d3479e90961254495676315f46dd51,
        type: 3}
      propertyPath: m_LocalScale.x
      value: 1.8644602
      objectReference: {fileID: 0}
    - target: {fileID: 8267788928683849454, guid: 09d3479e90961254495676315f46dd51,
        type: 3}
      propertyPath: m_LocalScale.y
      value: 9.948803
      objectReference: {fileID: 0}
    - target: {fileID: 8267788928683849454, guid: 09d3479e90961254495676315f46dd51,
        type: 3}
      propertyPath: m_LocalScale.z
      value: 9.365068
      objectReference: {fileID: 0}
    m_RemovedComponents: []
  m_SourcePrefab: {fileID: 100100000, guid: 09d3479e90961254495676315f46dd51, type: 3}
--- !u!4 &1064829670552312137 stripped
Transform:
  m_CorrespondingSourceObject: {fileID: 8267788928683849454, guid: 09d3479e90961254495676315f46dd51,
    type: 3}
  m_PrefabInstance: {fileID: 8969515453538545575}
  m_PrefabAsset: {fileID: 0}
--- !u!1001 &8969515453567821882
PrefabInstance:
  m_ObjectHideFlags: 0
  serializedVersion: 2
  m_Modification:
    m_TransformParent: {fileID: 8969515454332362685}
    m_Modifications:
    - target: {fileID: 1999568427073938817, guid: 09d3479e90961254495676315f46dd51,
        type: 3}
      propertyPath: m_Name
      value: Obstacle (7)
      objectReference: {fileID: 0}
    - target: {fileID: 1999568427073938817, guid: 09d3479e90961254495676315f46dd51,
        type: 3}
      propertyPath: m_TagString
      value: Terrain
      objectReference: {fileID: 0}
    - target: {fileID: 7228214656314290255, guid: 09d3479e90961254495676315f46dd51,
        type: 3}
      propertyPath: m_Materials.Array.data[0]
      value: 
      objectReference: {fileID: 2100000, guid: 4ba2fb13b301f2c4bb4cbaae076e478d, type: 2}
    - target: {fileID: 8267788928683849454, guid: 09d3479e90961254495676315f46dd51,
        type: 3}
      propertyPath: m_LocalPosition.x
      value: 3.496417
      objectReference: {fileID: 0}
    - target: {fileID: 8267788928683849454, guid: 09d3479e90961254495676315f46dd51,
        type: 3}
      propertyPath: m_LocalPosition.y
      value: 16.358498
      objectReference: {fileID: 0}
    - target: {fileID: 8267788928683849454, guid: 09d3479e90961254495676315f46dd51,
        type: 3}
      propertyPath: m_LocalPosition.z
      value: -2.8309875
      objectReference: {fileID: 0}
    - target: {fileID: 8267788928683849454, guid: 09d3479e90961254495676315f46dd51,
        type: 3}
      propertyPath: m_LocalRotation.x
      value: -0.030663561
      objectReference: {fileID: 0}
    - target: {fileID: 8267788928683849454, guid: 09d3479e90961254495676315f46dd51,
        type: 3}
      propertyPath: m_LocalRotation.y
      value: 0.0710085
      objectReference: {fileID: 0}
    - target: {fileID: 8267788928683849454, guid: 09d3479e90961254495676315f46dd51,
        type: 3}
      propertyPath: m_LocalRotation.z
      value: 0.260897
      objectReference: {fileID: 0}
    - target: {fileID: 8267788928683849454, guid: 09d3479e90961254495676315f46dd51,
        type: 3}
      propertyPath: m_LocalRotation.w
      value: 0.9622631
      objectReference: {fileID: 0}
    - target: {fileID: 8267788928683849454, guid: 09d3479e90961254495676315f46dd51,
        type: 3}
      propertyPath: m_RootOrder
      value: 4
      objectReference: {fileID: 0}
    - target: {fileID: 8267788928683849454, guid: 09d3479e90961254495676315f46dd51,
        type: 3}
      propertyPath: m_LocalEulerAnglesHint.x
      value: -5.5130005
      objectReference: {fileID: 0}
    - target: {fileID: 8267788928683849454, guid: 09d3479e90961254495676315f46dd51,
        type: 3}
      propertyPath: m_LocalEulerAnglesHint.y
      value: 6.9620004
      objectReference: {fileID: 0}
    - target: {fileID: 8267788928683849454, guid: 09d3479e90961254495676315f46dd51,
        type: 3}
      propertyPath: m_LocalEulerAnglesHint.z
      value: 30.004002
      objectReference: {fileID: 0}
    - target: {fileID: 8267788928683849454, guid: 09d3479e90961254495676315f46dd51,
        type: 3}
      propertyPath: m_LocalScale.x
      value: 1.8644602
      objectReference: {fileID: 0}
    - target: {fileID: 8267788928683849454, guid: 09d3479e90961254495676315f46dd51,
        type: 3}
      propertyPath: m_LocalScale.y
      value: 9.948803
      objectReference: {fileID: 0}
    - target: {fileID: 8267788928683849454, guid: 09d3479e90961254495676315f46dd51,
        type: 3}
      propertyPath: m_LocalScale.z
      value: 9.365068
      objectReference: {fileID: 0}
    m_RemovedComponents: []
  m_SourcePrefab: {fileID: 100100000, guid: 09d3479e90961254495676315f46dd51, type: 3}
--- !u!4 &1064829670447570644 stripped
Transform:
  m_CorrespondingSourceObject: {fileID: 8267788928683849454, guid: 09d3479e90961254495676315f46dd51,
    type: 3}
  m_PrefabInstance: {fileID: 8969515453567821882}
  m_PrefabAsset: {fileID: 0}
--- !u!1001 &8969515453888151871
PrefabInstance:
  m_ObjectHideFlags: 0
  serializedVersion: 2
  m_Modification:
    m_TransformParent: {fileID: 8969515454332362685}
    m_Modifications:
    - target: {fileID: 1999568427073938817, guid: 09d3479e90961254495676315f46dd51,
        type: 3}
      propertyPath: m_Name
      value: Obstacle (12)
      objectReference: {fileID: 0}
    - target: {fileID: 1999568427073938817, guid: 09d3479e90961254495676315f46dd51,
        type: 3}
      propertyPath: m_TagString
      value: Terrain
      objectReference: {fileID: 0}
    - target: {fileID: 7228214656314290255, guid: 09d3479e90961254495676315f46dd51,
        type: 3}
      propertyPath: m_Materials.Array.data[0]
      value: 
      objectReference: {fileID: 2100000, guid: 4ba2fb13b301f2c4bb4cbaae076e478d, type: 2}
    - target: {fileID: 8267788928683849454, guid: 09d3479e90961254495676315f46dd51,
        type: 3}
      propertyPath: m_LocalPosition.x
      value: -6.0032167
      objectReference: {fileID: 0}
    - target: {fileID: 8267788928683849454, guid: 09d3479e90961254495676315f46dd51,
        type: 3}
      propertyPath: m_LocalPosition.y
      value: -5.9580383
      objectReference: {fileID: 0}
    - target: {fileID: 8267788928683849454, guid: 09d3479e90961254495676315f46dd51,
        type: 3}
      propertyPath: m_LocalPosition.z
      value: 0.91275597
      objectReference: {fileID: 0}
    - target: {fileID: 8267788928683849454, guid: 09d3479e90961254495676315f46dd51,
        type: 3}
      propertyPath: m_LocalRotation.x
      value: -0
      objectReference: {fileID: 0}
    - target: {fileID: 8267788928683849454, guid: 09d3479e90961254495676315f46dd51,
        type: 3}
      propertyPath: m_LocalRotation.y
      value: -0
      objectReference: {fileID: 0}
    - target: {fileID: 8267788928683849454, guid: 09d3479e90961254495676315f46dd51,
        type: 3}
      propertyPath: m_LocalRotation.z
      value: 0.2972582
      objectReference: {fileID: 0}
    - target: {fileID: 8267788928683849454, guid: 09d3479e90961254495676315f46dd51,
        type: 3}
      propertyPath: m_LocalRotation.w
      value: 0.95479715
      objectReference: {fileID: 0}
    - target: {fileID: 8267788928683849454, guid: 09d3479e90961254495676315f46dd51,
        type: 3}
      propertyPath: m_RootOrder
      value: 9
      objectReference: {fileID: 0}
    - target: {fileID: 8267788928683849454, guid: 09d3479e90961254495676315f46dd51,
        type: 3}
      propertyPath: m_LocalEulerAnglesHint.x
      value: 0
      objectReference: {fileID: 0}
    - target: {fileID: 8267788928683849454, guid: 09d3479e90961254495676315f46dd51,
        type: 3}
      propertyPath: m_LocalEulerAnglesHint.y
      value: 0
      objectReference: {fileID: 0}
    - target: {fileID: 8267788928683849454, guid: 09d3479e90961254495676315f46dd51,
        type: 3}
      propertyPath: m_LocalEulerAnglesHint.z
      value: 34.586002
      objectReference: {fileID: 0}
    - target: {fileID: 8267788928683849454, guid: 09d3479e90961254495676315f46dd51,
        type: 3}
      propertyPath: m_LocalScale.x
      value: 1.86446
      objectReference: {fileID: 0}
    - target: {fileID: 8267788928683849454, guid: 09d3479e90961254495676315f46dd51,
        type: 3}
      propertyPath: m_LocalScale.y
      value: 9.948802
      objectReference: {fileID: 0}
    - target: {fileID: 8267788928683849454, guid: 09d3479e90961254495676315f46dd51,
        type: 3}
      propertyPath: m_LocalScale.z
      value: 9.365068
      objectReference: {fileID: 0}
    m_RemovedComponents: []
  m_SourcePrefab: {fileID: 100100000, guid: 09d3479e90961254495676315f46dd51, type: 3}
--- !u!4 &1064829671171618769 stripped
Transform:
  m_CorrespondingSourceObject: {fileID: 8267788928683849454, guid: 09d3479e90961254495676315f46dd51,
    type: 3}
  m_PrefabInstance: {fileID: 8969515453888151871}
  m_PrefabAsset: {fileID: 0}
--- !u!1001 &8969515454136210045
PrefabInstance:
  m_ObjectHideFlags: 0
  serializedVersion: 2
  m_Modification:
    m_TransformParent: {fileID: 8969515454332362685}
    m_Modifications:
    - target: {fileID: 1999568427073938817, guid: 09d3479e90961254495676315f46dd51,
        type: 3}
      propertyPath: m_Name
      value: Obstacle (6)
      objectReference: {fileID: 0}
    - target: {fileID: 1999568427073938817, guid: 09d3479e90961254495676315f46dd51,
        type: 3}
      propertyPath: m_TagString
      value: Terrain
      objectReference: {fileID: 0}
    - target: {fileID: 7228214656314290255, guid: 09d3479e90961254495676315f46dd51,
        type: 3}
      propertyPath: m_Materials.Array.data[0]
      value: 
      objectReference: {fileID: 2100000, guid: 4ba2fb13b301f2c4bb4cbaae076e478d, type: 2}
    - target: {fileID: 8267788928683849454, guid: 09d3479e90961254495676315f46dd51,
        type: 3}
      propertyPath: m_LocalPosition.x
      value: -9.4932165
      objectReference: {fileID: 0}
    - target: {fileID: 8267788928683849454, guid: 09d3479e90961254495676315f46dd51,
        type: 3}
      propertyPath: m_LocalPosition.y
      value: 7.3219624
      objectReference: {fileID: 0}
    - target: {fileID: 8267788928683849454, guid: 09d3479e90961254495676315f46dd51,
        type: 3}
      propertyPath: m_LocalPosition.z
      value: 0.91275597
      objectReference: {fileID: 0}
    - target: {fileID: 8267788928683849454, guid: 09d3479e90961254495676315f46dd51,
        type: 3}
      propertyPath: m_LocalRotation.x
      value: -0
      objectReference: {fileID: 0}
    - target: {fileID: 8267788928683849454, guid: 09d3479e90961254495676315f46dd51,
        type: 3}
      propertyPath: m_LocalRotation.y
      value: -0
      objectReference: {fileID: 0}
    - target: {fileID: 8267788928683849454, guid: 09d3479e90961254495676315f46dd51,
        type: 3}
      propertyPath: m_LocalRotation.z
      value: 0.6834958
      objectReference: {fileID: 0}
    - target: {fileID: 8267788928683849454, guid: 09d3479e90961254495676315f46dd51,
        type: 3}
      propertyPath: m_LocalRotation.w
      value: 0.7299545
      objectReference: {fileID: 0}
    - target: {fileID: 8267788928683849454, guid: 09d3479e90961254495676315f46dd51,
        type: 3}
      propertyPath: m_RootOrder
      value: 3
      objectReference: {fileID: 0}
    - target: {fileID: 8267788928683849454, guid: 09d3479e90961254495676315f46dd51,
        type: 3}
      propertyPath: m_LocalEulerAnglesHint.x
      value: 0
      objectReference: {fileID: 0}
    - target: {fileID: 8267788928683849454, guid: 09d3479e90961254495676315f46dd51,
        type: 3}
      propertyPath: m_LocalEulerAnglesHint.y
      value: 0
      objectReference: {fileID: 0}
    - target: {fileID: 8267788928683849454, guid: 09d3479e90961254495676315f46dd51,
        type: 3}
      propertyPath: m_LocalEulerAnglesHint.z
      value: 86.235
      objectReference: {fileID: 0}
    - target: {fileID: 8267788928683849454, guid: 09d3479e90961254495676315f46dd51,
        type: 3}
      propertyPath: m_LocalScale.x
      value: 1.8644602
      objectReference: {fileID: 0}
    - target: {fileID: 8267788928683849454, guid: 09d3479e90961254495676315f46dd51,
        type: 3}
      propertyPath: m_LocalScale.y
      value: 9.948804
      objectReference: {fileID: 0}
    - target: {fileID: 8267788928683849454, guid: 09d3479e90961254495676315f46dd51,
        type: 3}
      propertyPath: m_LocalScale.z
      value: 9.365068
      objectReference: {fileID: 0}
    m_RemovedComponents: []
  m_SourcePrefab: {fileID: 100100000, guid: 09d3479e90961254495676315f46dd51, type: 3}
--- !u!4 &1064829671015834771 stripped
Transform:
  m_CorrespondingSourceObject: {fileID: 8267788928683849454, guid: 09d3479e90961254495676315f46dd51,
    type: 3}
  m_PrefabInstance: {fileID: 8969515454136210045}
  m_PrefabAsset: {fileID: 0}
--- !u!1001 &8969515454169393086
PrefabInstance:
  m_ObjectHideFlags: 0
  serializedVersion: 2
  m_Modification:
    m_TransformParent: {fileID: 8969515454332362685}
    m_Modifications:
    - target: {fileID: 1999568427073938817, guid: 09d3479e90961254495676315f46dd51,
        type: 3}
      propertyPath: m_Name
      value: Obstacle (9)
      objectReference: {fileID: 0}
    - target: {fileID: 1999568427073938817, guid: 09d3479e90961254495676315f46dd51,
        type: 3}
      propertyPath: m_TagString
      value: Terrain
      objectReference: {fileID: 0}
    - target: {fileID: 7228214656314290255, guid: 09d3479e90961254495676315f46dd51,
        type: 3}
      propertyPath: m_Materials.Array.data[0]
      value: 
      objectReference: {fileID: 2100000, guid: 4ba2fb13b301f2c4bb4cbaae076e478d, type: 2}
    - target: {fileID: 8267788928683849454, guid: 09d3479e90961254495676315f46dd51,
        type: 3}
      propertyPath: m_LocalPosition.x
      value: -9.983216
      objectReference: {fileID: 0}
    - target: {fileID: 8267788928683849454, guid: 09d3479e90961254495676315f46dd51,
        type: 3}
      propertyPath: m_LocalPosition.y
      value: 18.23196
      objectReference: {fileID: 0}
    - target: {fileID: 8267788928683849454, guid: 09d3479e90961254495676315f46dd51,
        type: 3}
      propertyPath: m_LocalPosition.z
      value: -2.8309875
      objectReference: {fileID: 0}
    - target: {fileID: 8267788928683849454, guid: 09d3479e90961254495676315f46dd51,
        type: 3}
      propertyPath: m_LocalRotation.x
      value: -0.030663561
      objectReference: {fileID: 0}
    - target: {fileID: 8267788928683849454, guid: 09d3479e90961254495676315f46dd51,
        type: 3}
      propertyPath: m_LocalRotation.y
      value: 0.0710085
      objectReference: {fileID: 0}
    - target: {fileID: 8267788928683849454, guid: 09d3479e90961254495676315f46dd51,
        type: 3}
      propertyPath: m_LocalRotation.z
      value: 0.260897
      objectReference: {fileID: 0}
    - target: {fileID: 8267788928683849454, guid: 09d3479e90961254495676315f46dd51,
        type: 3}
      propertyPath: m_LocalRotation.w
      value: 0.9622631
      objectReference: {fileID: 0}
    - target: {fileID: 8267788928683849454, guid: 09d3479e90961254495676315f46dd51,
        type: 3}
      propertyPath: m_RootOrder
      value: 6
      objectReference: {fileID: 0}
    - target: {fileID: 8267788928683849454, guid: 09d3479e90961254495676315f46dd51,
        type: 3}
      propertyPath: m_LocalEulerAnglesHint.x
      value: -5.5130005
      objectReference: {fileID: 0}
    - target: {fileID: 8267788928683849454, guid: 09d3479e90961254495676315f46dd51,
        type: 3}
      propertyPath: m_LocalEulerAnglesHint.y
      value: 6.9620004
      objectReference: {fileID: 0}
    - target: {fileID: 8267788928683849454, guid: 09d3479e90961254495676315f46dd51,
        type: 3}
      propertyPath: m_LocalEulerAnglesHint.z
      value: 30.004002
      objectReference: {fileID: 0}
    - target: {fileID: 8267788928683849454, guid: 09d3479e90961254495676315f46dd51,
        type: 3}
      propertyPath: m_LocalScale.x
      value: 1.8644602
      objectReference: {fileID: 0}
    - target: {fileID: 8267788928683849454, guid: 09d3479e90961254495676315f46dd51,
        type: 3}
      propertyPath: m_LocalScale.y
      value: 9.948803
      objectReference: {fileID: 0}
    - target: {fileID: 8267788928683849454, guid: 09d3479e90961254495676315f46dd51,
        type: 3}
      propertyPath: m_LocalScale.z
      value: 9.365068
      objectReference: {fileID: 0}
    m_RemovedComponents: []
  m_SourcePrefab: {fileID: 100100000, guid: 09d3479e90961254495676315f46dd51, type: 3}
--- !u!4 &1064829670916034896 stripped
Transform:
  m_CorrespondingSourceObject: {fileID: 8267788928683849454, guid: 09d3479e90961254495676315f46dd51,
    type: 3}
  m_PrefabInstance: {fileID: 8969515454169393086}
  m_PrefabAsset: {fileID: 0}
